LEADER 01287nam  2200337Ia 4500
001 EBC225218
003 MiAaPQ
006 m     o  d |      
007 cr cn|||||||||
008 010918s2005    mau     sb    001 0 eng d
020   $z0387229140 (electronic bk.)
020   $z0387228489
035   $a(MiAaPQ)EBC225218
035   $a(Au-PeEL)EBL225218
035   $a(CaPaEBR)ebr10139625
035   $a(CaONFJC)MIL41259
035   $a(OCoLC)71365518
040   $aMiAaPQ$cMiAaPQ$dMiAaPQ
050  4$aHF5387$b.C6756 2005
082 04$a174/.4$221
100 1 $aCory, Jacques.
245 10$aActivist business ethics$h[electronic resource] /$cby Jacques Cory.
260   $aBoston :$bKluwer Academic Publishers ;$aNorwell, Mass. :$bDistributors for North, Central, and South America, Kluwer Academic Publishers,$cc2005.
300   $a200 p.
504   $aIncludes bibliographical references and index.
533   $aElectronic reproduction. Ann Arbor, MI : ProQuest, 2015. Available via World Wide Web. Access may be limited to ProQuest affiliated libraries.
650  0$aBusiness ethics.
650  0$aProfessional ethics.
655  4$aElectronic books.
710 2 $aProQuest (Firm)
856 40$uhttp://ebookcentral.proquest.com/lib/demo-vzhao/detail.action?docID=225218$zClick to View

