LEADER 01425nam  2200361 a 4500
001 EBC1323348
003 MiAaPQ
006 m     o  d |      
007 cr cn|||||||||
008 130812s2014    enka    sb    001 0 eng d
020   $z9780415837651
020   $z9781444170450
020   $z9780203783863 (e-book)
035   $a(MiAaPQ)EBC1323348
035   $a(Au-PeEL)EBL1323348
035   $a(CaPaEBR)ebr10737967
035   $a(CaONFJC)MIL506478
035   $a(OCoLC)893336054
040   $aMiAaPQ$cMiAaPQ$dMiAaPQ
050  4$aHD30.22$b.D73 2014
082 04$a338.5$223
100 1 $aDransfield, Robert,$d1952-
245 10$aBusiness economics$h[electronic resource]$cRob Dransfield.
260   $aOxfordshire, England ;$aNew York :$bRoutledge,$cc2014.
300   $a1 online resource (xxx, 486 p.) :$bill. (some col.), graphs.
490 0 $a360 degree series
504   $aIncludes bibliographical references at the end of each chapters and index.
533   $aElectronic reproduction. Ann Arbor, MI : ProQuest, 2015. Available via World Wide Web. Access may be limited to ProQuest affiliated libraries.
588   $aDescription based on online resource; title from title page (ebrary, viewed August 12, 2013).
650  0$aManagerial economics.
655  4$aElectronic books.
710 2 $aProQuest (Firm)
856 40$uhttp://ebookcentral.proquest.com/lib/demo-vzhao/detail.action?docID=1323348$zClick to View

