LEADER 02070nam  2200493 i 4500
001 EBC4512595
003 MiAaPQ
006 m     o  d |      
007 cr cnu||||||||
008 160530t20162016nju     ob    001 0deng d
020   $z9780813565941
020   $z9780813565934
020   $a9780813565958 (e-book)
020   $z9780813575735 (epub)
035   $a(MiAaPQ)EBC4512595
035   $a(Au-PeEL)EBL4512595
035   $a(CaPaEBR)ebr11208045
035   $a(CaONFJC)MIL917482
035   $a(OCoLC)950463695
040   $aMiAaPQ$beng$erda$epn$cMiAaPQ$dMiAaPQ
043   $an-us---
050  4$aHD6054.4.U6$b.J86 2016
082 0 $a338.092/520973$223
245 00$aJuntures in women's leadership :$bbusiness /$cedited by Lisa Hetfield and Dana M. Britton.
264  1$aNew Brunswick, New Jersey ;$aLondon, [England] :$bRutgers University Press,$c2016.
264  4$cÃ2016
300   $a1 online resource (240 pages).
336   $atext$2rdacontent
337   $acomputer$2rdamedia
338   $aonline resource$2rdacarrier
490 0 $aJunctures: Case Studies in Women's Leadership
504   $aIncludes bibliographical references at the end of each chapters and index.
588   $aDescription based on print version record.
590   $aElectronic reproduction. Ann Arbor, MI : ProQuest, 2016. Available via World Wide Web. Access may be limited to ProQuest affiliated libraries.
650  0$aWomen executives$zUnited States.
650  0$aLeadership in women$zUnited States.
650  0$aSocial responsibility of business$zUnited States.
651  0$aUnited States$vBiography.
655  4$aElectronic books.
700 1 $aHetfield, Lisa,$eeditor.
700 1 $aBritton, Dana M.,$eeditor.
776 08$iPrint version:$tJuntures in women's leadership : business.$dNew Brunswick, New Jersey ; London, [England] : Rutgers University Press, c2016 $hxviii, 219 pages $z9780813565941 $w2015024450
797 2 $aProQuest (Firm)
856 40$uhttp://ebookcentral.proquest.com/lib/demo-vzhao/detail.action?docID=4512595$zClick to View
